<record><leader>00000cas a22000007a 4500</leader><controlfield tag="001">25907401</controlfield><controlfield tag="008">920529d18761880ncuwn ne      0    0eng d</controlfield><datafield ind1=" " ind2=" " tag="010"><subfield code="a">sn 92073070 </subfield></datafield><datafield ind1=" " ind2=" " tag="040"><subfield code="a">NVJ</subfield><subfield code="b">eng</subfield><subfield code="c">NVJ</subfield><subfield code="d">OCLCQ</subfield></datafield><datafield ind1=" " ind2=" " tag="042"><subfield code="a">msc</subfield></datafield><datafield ind1="0" ind2=" " tag="130"><subfield code="a">Torch-light (Oxford, N.C. : 1876)</subfield></datafield><datafield ind1="1" ind2="4" tag="245"><subfield code="a">The torch-light.</subfield></datafield><datafield ind1="1" ind2="3" tag="246"><subfield code="a">Oxford torch-light</subfield></datafield><datafield ind1=" " ind2=" " tag="260"><subfield code="a">Oxford, N.C. :</subfield><subfield code="b">W.A. Davis</subfield></datafield><datafield ind1=" " ind2=" " tag="300"><subfield code="a">v.</subfield></datafield><datafield ind1=" " ind2=" " tag="310"><subfield code="a">Weekly (except Christmas)</subfield></datafield><datafield ind1="0" ind2=" " tag="362"><subfield code="a">Vol. 4, no. 25 (Nov. 21, 1876)-v. 8, no. 22 (Nov. 9, 1880).</subfield></datafield><datafield ind1=" " ind2=" " tag="550"><subfield code="a">"Official organ of the Democratic-Conservative Party in Granville County."</subfield></datafield><datafield ind1=" " ind2=" " tag="752"><subfield code="a">United States</subfield><subfield code="b">North Carolina</subfield><subfield code="c">Granville</subfield><subfield code="d">Oxford.</subfield></datafield><datafield ind1="0" ind2="0" tag="780"><subfield code="t">Oxford torchlight (Oxford, N.C. : 1875)</subfield><subfield code="w">(DLC)sn 85042114</subfield></datafield><datafield ind1="0" ind2="0" tag="785"><subfield code="t">Oxford torchlight (Oxford, N.C. : 1880)</subfield><subfield code="w">(DLC)sn 92073071</subfield></datafield></record>